@Book{silveira-demcodigos,
 author    = "Sergio Amadeu da Silveira",
 title     = "Democracia e os Códigos Invisíveis: Como os Algoritmos Estão Modulando Comportamentos e Escolhas Políticas",
 isbn      = 9788594931801,
 publisher = "Coleção Democracia Digital",
 year      = 2019,
 address   = "São Paulo"
}

 @book{fisher_2020, address={São Paulo}, edition={1}, title={Realismo Capitalista: É Mais Fácil Imaginar O Fim Do Mundo Do Que O Fim Do capitalismo?}, ISBN={9781780997346}, publisher={Autonomia Literária}, author={Fisher, Mark}, editor={Golsalves, Rodrigo and Adeodato, Jorge and da Silveira, Maikel}, year={2020}, pages={1–218} }

@book{Zuboff2019,
    author = {Zuboff, Shoshana},
    title = {A Era do Capitalismo de Vigilância: A Luta por um Futuro Humano na Nova Fronteira do Poder},
    year = {2019},
    publisher = {Editora Intrínseca},
    address = {Rio de Janeiro}
}

@misc{evangelista_2025, title={A nova Santa Aliança e seus objetivos opacos - Outras Palavras}, url={https://outraspalavras.net/tecnologiaemdisputa/anova-santa-alianca-e-seus-objetivos-opacos/}, journal={Outras Palavras}, author={Evangelista, Rafael}, year={2025}, month={Mar} }

@article{Reis2024,
  author = {Reis, Abel and Piva, Silvia},
  title = {Capitalismo de dados e guerras estéticas},
  journal = {Estudos Avançados},
  year = {2024},
  volume = {38},
  number = {},
  pages = {19-34},
  doi = {10.1590/s0103-4014.2024.38110.003},
  url = {https://www.scielo.br/j/ea/a/MNstgDqygTmYgrT6g6KrYmR/?lang=pt}
}

@article{evangelista2017,
  author = {Evangelista, Rafael de Almeida},
  title = {Capitalismo de vigilância no Sul Global: por uma perspectiva situada},
  journal = {Simpósio Internacional LAVITS | Vigilância, Democracia e Privacidade na América Latina: Vulnerabilidades e resistências},
  year = {2017},
  volume = {},
  number = {},
  pages = {243–253},
  doi = {},
  url = {https://lavits.org/wp-content/uploads/2018/04/08-Rafael-Evangelista.pdf}
}

@book{Faustino2023,
  author = {Faustino, Deivison Mendes and Lippold, Walter},
  title = {Colonialismo digital: por uma crítica hacker-fanoniana},
  year = {2023},
  isbn = {9786557172254}
}

@book{Silveira2021,
  author = {Silveira, Sérgio Amadeu da and Souza, Joyce and Cassino, João Francisco and et.al, Débora Franco Machado and Beloni, Manuela and Ameni, Cauê and Albuquerque, Hugo},
  title = {Colonialismo de dados: Como opera a trincheira algorítmica na guerra neoliberal},
  year = {2021},
  isbn = {9786587233567}
}

@book{turner_2010, title={From counterculture to cyberculture: Stewart brand, the whole earth network, and the rise of digital utopianism}, url={https://books.google.com.br/books?id=2SNFpgX_WigC}, publisher={University of Chicago Press}, author={Turner, Fred}, year={2010} }

@book{evangelista2018além,
  title={Para al{\'e}m das m{\'a}quinas de ador{\'a}vel gra{\c{c}}a: Cultura hacker, cibern{\'e}tica e democracia},
  author={Evangelista, R. and de Miranda, D.S. and da Silveira, S.A.},
  isbn={9788594931030},
  series={Cole{\c{c}}{\~a}o Democracia Digital},
  url={https://books.google.com.br/books?id=PPFjDwAAQBAJ},
  year={2018},
  publisher={Edi{\c{c}}{\~o}es Sesc SP}
}

 @article{Winner_2019, title={Do Artifacts Have Politics?}, volume={21}, ISSN={1414-3003}, DOI={10.35920/arf.v21i2.22470}, number={2}, journal={Analytica - Revista de Filosofia}, author={Winner, Langdon}, year={2017}, month=jan, pages={195–218}, language={pt_BR}, translator = {Debora Pazetto Ferreira and Luiz Henrique de Lacerda Abrahão}}

@misc{mtst2023cartilha,
  author       = {{MTST}},
  title        = {{Cartilha MTSTec: O MTST e a luta pela soberania digital a partir dos movimentos sociais}},
  year         = {2023},
  url          = {https://www.nucleodetecnologia.com.br/_files/ugd/de1f34_20b8dbf34e504a48aeda74e485b208c2.pdf},
  note         = {Acesso em: 11 maio 2025},
  howpublished = {\url{https://www.nucleodetecnologia.com.br/_files/ugd/de1f34_20b8dbf34e504a48aeda74e485b208c2.pdf}}
}

@misc{mtst_2024, 
author = {{MTST}},
url={https://mtst.org}, 
journal={MTST}, 
year={2024}, 
month={Mar} 
}

@misc{constituicao1988,
  author       = {{Brasil}},
  title        = {Constituição da República Federativa do Brasil de 1988},
  year         = {1988},
  howpublished = {\url{https://www.planalto.gov.br/ccivil_03/constituicao/constituicao.htm}},
  note         = {Acesso em: 11 maio 2025}
}

@phdthesis{goulart2011anticapitalismo,
  author       = {Débora Cristina Goulart},
  title        = {O anticapitalismo do Movimento dos Trabalhadores Sem-Teto – MTST},
  school       = {Universidade Estadual Paulista (UNESP), Faculdade de Filosofia e Ciências, Campus de Marília},
  year         = {2011},
  address      = {Marília, SP},
  type         = {Tese (Doutorado em Ciências Sociais)},
  note         = {Orientador: Prof. Dr. Marcos Tadeu Del Roio},
  url          = {http://hdl.handle.net/11449/100930}
}

@incollection{quijano2005,
  author    = {Aníbal Quijano},
  title     = {Colonialidade do poder, eurocentrismo e América Latina},
  booktitle = {A colonialidade do saber: eurocentrismo e ciências sociais. Perspectivas latino-americanas},
  editor    = {Edgardo Lander},
  publisher = {CLACSO},
  year      = {2005},
  pages     = {117--142},
  address   = {Buenos Aires},
  isbn      = {978-987-1183-57-9},
  language  = {portuguese}
}

@book{menezes2019,
  author    = {Afonso Henrique Novaes Menezes and Francisco Ricardo Duarte and Luis Osete Ribeiro Carvalho and Tito Eugênio Santos Souza},
  title     = {Metodologia Científica: Teoria e Aplicação na Educação a Distância},
  year      = {2019},
  publisher = {Universidade Federal do Vale do São Francisco},
  address   = {Petrolina, PE},
  isbn      = {978-85-60382-91-0}
}

@book{golsalves2003,
  author    = {Elisa Pereira Golsalves},
  publisher = {Alínea},
  title     = {Iniciação à Pesquisa Científica},
  year      = {2003},
  isbn      = {9788575160022},
}

@book{appolinario2004,
  author    = {Appolinário, Fabio},
  publisher = {Atlas},
  title     = {Dicionário de metodologia científica um guia para a produção do conhecimento científico},
  year      = {2004},
  address   = {São Paulo},
  isbn      = {85-224-3905-2},
  language  = {por},
}

@misc{george2020,
  author  = {George, Theodore},
  month   = {Dec},
  title   = {Hermeneutics},
  year    = {2020},
  journal = {Stanford.edu},
  url     = {https://plato.stanford.edu/entries/hermeneutics/#HermCirc},
}

@book{thiollent1986,
  author    = {Thiollent, Michel},
  title     = {Metodologia da pesquisa-ação},
  edition   = {2},
  year      = {1986},
  publisher = {Cortez},
  address   = {São Paulo},
  series    = {Temas básicos de Pesquisa-ação}
}

@book{vergara2006,
  author    = {Vergara, Silvia C.},
  title     = {Projetos e relatórios de pesquisa em Administração},
  edition   = {7},
  year      = {2006},
  publisher = {Atlas},
  address   = {São Paulo}
}

@article{salvagni2024,
  author     = {Salvagni, Julice and Grohmann, Rafael and Silva, Victória Mendonça Da},
  journal    = {Soc. estado.},
  title      = {Contrate quem luta: movimento dos trabalhadores sem-teto, tecnologias e economia digital solidária},
  year       = {2024},
  issn       = {1980-5462, 0102-6992},
  month      = dec,
  number     = {3},
  pages      = {e50567},
  volume     = {39},
  abstract   = {The article aims to analyze organizational elements of the Hire Who Struggles initiative, by the Homeless Workers Movement (MTST), as an experiment in technology and labour in the context of a digital solidarity economy. Based on interviews with workers of the project, the article analyzes: the labour organization and the perspective of the digital solidarity economy; the praxis of the social movement; and the organization of grassroots politics. The MTST is organized based on territorial organization, which precedes the construction of technologies, and based on praxis, articulated the construction of concepts such as popular digital sovereignty. The article argues that Hire Who Struggles has the advantage of the institutional fabric of the social movement to estab lish itself, which enables a strengthening of the struggle and organization. The workers are not only service providers, but also help to spread the word and the struggles of the homeless workers.},
  copyright  = {http://creativecommons.org/licenses/by/4.0/},
  doi        = {10.1590/s0102-6992-20243903e50567},
  file       = {PDF:files/200/Salvagni et al. - 2024 - Contrate quem luta movimento dos trabalhadores sem-teto, tecnologias e economia digital solidária.pdf:application/pdf},
  language   = {pt},
  publisher  = {FapUNIFESP (SciELO)},
  shorttitle = {Contrate quem luta},
  url        = {http://www.scielo.br/scielo.php?script=sci_arttext&pid=S0102-69922024000300508&tlng=pt},
  urldate    = {2025-06-07},
}

@incollection{fairclough2001,
  author       = {Fairclough, Norman},
  title        = {The discourse of new labour: Critical discourse analysis},
  booktitle    = {Discourse as data: A guide for analysis},
  editor       = {Wetherell, Margaret},
  publisher    = {The Open University / Sage Publications},
  address      = {Reino Unido},
  year         = {2001},
  pages        = {229--266}
}

@article{ferrari2022,
  author  = {Ferrari, Terezinha and Cardoso, Felipe Saluti},
  journal = {Revista Convergência Crítica},
  title   = {O dilema homem-máquina: a lógica informacional e o concreto mundo do capital},
  year    = {2022},
  issn    = {2238-9288},
  number  = {21},
  volume  = {1},
  doi     = {10.22409/rcc.v1i21.64468},
  url     = {https://periodicos.uff.br/convergenciacritica/article/view/64468},
}

@Article{cadeno2021,
  author    = {León Cedeño, Alejandra Astrid and Bonetti Lima, Alexandre},
  journal   = {Revista Psicologia em Pesquisa},
  title     = {Violência e neocolonização:: notas para a construção de processos emancipatórios},
  year      = {2021},
  issn      = {1982-1247},
  month     = may,
  number    = {2},
  volume    = {15},
  doi       = {10.34019/1982-1247.2021.v15.29538},
  publisher = {Universidade Federal de Juiz de Fora},
}

@article{lemos2024,
  author    = {Lemos, Grayce and Espíndola, Marina Bazzo de and Tosatti, Nayara Cristine Muller},
  journal   = {Logeion: Filosofia da Informação},
  title     = {Soberania digital: definições, desafios e implicações na era da dataficação},
  year      = {2024},
  issn      = {2358-7806},
  month     = nov,
  volume    = {11},
  doi       = {10.21728/logeion.2024v11e-7364},
  publisher = {Logeion Filosofia da Informacao},
}

@Misc{tecnopolitica2023,
  author       = {{Tecnopolítica Podcast}},
  howpublished = {\url{https://www.youtube.com/watch?v=oreTIGSDLHM}},
  month        = {abril},
  note         = {Episódio de podcast},
  title        = {Tecnopolítica \#82: A emergência da Soberania Digital},
  year         = {2023},
  urldate      = {2025-06-08},
}

@InProceedings{beuron2024,
  author    = {Bruno Mello Corrêa de Barros Beuron},
  booktitle = {Anais do 7º Congresso Internacional de Direito e Contemporaneidade: mídias e direitos da sociedade em rede},
  title     = {Colonialismo de Dados e Soberania Digital: Desafios Estratégicos do Estado Brasileiro para a Governança Pública Digital},
  year      = {2024},
  address   = {Santa Maria, RS},
  publisher = {UFSM - Universidade Federal de Santa Maria},
  issn      = {2238-9121},
  url       = {https://www.ufsm.br/cursos/pos-graduacao/santa-maria/ppgd/congresso-direito-anais/},
}

@Article{couldry2018,
  author    = {Couldry, Nick and Mejias, Ulises A.},
  journal   = {Television &amp; New Media},
  title     = {Data Colonialism: Rethinking Big Data’s Relation to the Contemporary Subject},
  year      = {2018},
  issn      = {1552-8316},
  month     = sep,
  number    = {4},
  pages     = {336--349},
  volume    = {20},
  doi       = {10.1177/1527476418796632},
  publisher = {SAGE Publications},
}

@Misc{feifei2024,
  author  = {Fan FeiFei},
  month   = aug,
  title   = {Data as production factor come of age},
  year    = {2024},
  journal = {Chinadaily.com.cn},
  url     = {https://global.chinadaily.com.cn/a/202408/29/WS66cfd58ea31060630b925916_2.html},
}

@Misc{data_2025,
  title   = {Data},
  year    = {2025},
  journal = {Australian Bureau of Statistics},
  url     = {https://www.abs.gov.au/statistics/understanding-statistics/statistical-terms-and-concepts/data},
}

@Misc{arthur_2013,
  author    = {Arthur, Charles},
  month     = {Aug},
  title     = {Tech giants may be huge, but nothing matches big data},
  year      = {2013},
  journal   = {the Guardian},
  publisher = {The Guardian},
  url       = {https://www.theguardian.com/technology/2013/aug/23/tech-giants-data},
}

@article{Reis2024,
  author = {Reis, Abel and Piva, Silvia},
  title = {Capitalismo de dados e guerras estéticas},
  journal = {Estudos Avançados},
  year = {2024},
  volume = {38},
  number = {},
  pages = {19-34},
  doi = {10.1590/s0103-4014.2024.38110.003},
  url = {https://www.scielo.br/j/ea/a/MNstgDqygTmYgrT6g6KrYmR/?lang=pt}
}

@Article{röhe_2024,
  author    = {Peron, Alcides Eduardo dos Reis and Röhe, Anderson},
  journal   = {Estudos Avançados},
  title     = {Silenciamento sociotécnico e os limites do “poder instrumental”},
  year      = {2024},
  month     = {Apr},
  pages     = {35–50},
  volume    = {38},
  doi       = {https://doi.org/10.1590/s0103-4014.2024.38110.004},
  publisher = {Instituto de Estudos Avançados da Universidade de São Paulo},
  url       = {https://www.scielo.br/j/ea/a/yxzqzQ4CvXRz7VnZzGHdcQc/?lang=pt},
}

@Article{Silva2023,
  author    = {Silva, Fabiano Couto Corrêa da and Pires, Thalia da Silva and George Wendt, Lucas},
  journal   = {Logeion: Filosofia da Informação},
  title     = {Do colonialismo histórico ao colonialismo de dados: reflexões sobre a relação entre Big Data e o sujeito},
  year      = {2023},
  issn      = {2358-7806},
  month     = aug,
  number    = {1},
  pages     = {75--90},
  volume    = {10},
  doi       = {10.21728/logeion.2023v10n1.p75-90},
  publisher = {Logeion Filosofia da Informacao},
}

@Article{furtado2024,
  author    = {Guimarães Furtado, Renato and Evangelista Cunha, Simone},
  journal   = {Liinc em Revista},
  title     = {$<$b$>$Inteligência artificial, data centers e colonialismo digital: Impactos socioambientais e geopolíticos a partir do Sul Global$<$/b$>$},
  year      = {2024},
  issn      = {1808-3536},
  month     = nov,
  number    = {2},
  volume    = {20},
  doi       = {10.18617/liinc.v20i2.7272},
  publisher = {Liinc em Revista},
}

@Article{Figueiredo2023,
  author    = {Figueiredo, Ruy},
  journal   = {Revista FAMECOS},
  title     = {Colonialismo de dados, descolonização da rede e infraestruturas de cabos submarinos:: uma reflexão situada por prática artística},
  year      = {2023},
  issn      = {1415-0549},
  month     = nov,
  number    = {1},
  pages     = {e43590},
  volume    = {30},
  doi       = {10.15448/1980-3729.2023.1.43590},
  publisher = {EDIPUCRS},
}

@Book{Couldry2019,
  author    = {Couldry, Nick and Ulises A. Mejias},
  publisher = {Stanford University Press},
  title     = {The costs of connection},
  year      = {2019},
  address   = {Stanford, California},
  isbn      = {9781503609754},
  note      = {Literaturverzeichnis: Seite 265-305},
  series    = {Culture and economic life},
  pagetotal = {1323},
  ppn_gvk   = {1737651491},
  subtitle  = {How data is colonizing human life and appropriating it for capitalism},
}

@Article{Pirino_2023,
  author       = {Pirino, Bruna},
  journal      = {Caderno Virtual},
  title        = {COLONIALISMO DE DADOS: DELIMITAÇÃO CONCEITUAL E SUA COMPREENSÃO},
  year         = {2023},
  month        = {maio},
  number       = {56},
  volume       = {1},
  abstractnote = {&amp;lt;p&amp;gt;O presente estudo buscou analisar a criação e coleta de dados pessoais dos cidadãos, sobretudo nas relações de consumo, e como esses novos recursos tecnológicos resultaram na Quarta Revolução Industrial. A relevância desse estudo revela-se pelo fato de que poder e conhecimento que promovem uma circulação de dados e novos desafios, atingindo toda a sociedade. Portanto, este trabalho utilizou-se da metodologia bibliográfica, partindo de uma análise histórica sobre a evolução da conexão entre a sociedade e a tecnologia até os impactos sociais, econômicos e legislativos para contribuir na compreensão deste novo modelo de capitalismo.&amp;lt;/p&amp;gt;},
  url          = {https://www.portaldeperiodicos.idp.edu.br/cadernovirtual/article/view/7032},
}

@Article{barbrook1995,
  author       = {Richard Barbrook and Andy Cameron},
  journal      = {Mute Magazine},
  title        = {A Ideologia Californiana},
  year         = {1995},
  month        = sep,
  note         = {Traduzido por Marcelo Träsel. Apresentação, introdução e revisão por Leonardo Foletto. Capa e diagramação por Vertov Rox.},
  number       = {3},
  volume       = {1},
  howpublished = {\url{http://cibercultura.fortunecity.ws/vol2/idcal.html}},
  url          = {http://metamute.org/editorial/articles/californian-ideology},
}

@Article{vieirapinto1963,
  author  = {Álvaro Vieira Pinto},
  journal = {Revista Brasileira de Ciências Sociais},
  title   = {Indicações metodológicas para a definição do subdesenvolvimento},
  year    = {1963},
  month   = jul,
  number  = {2},
  pages   = {252--279},
  volume  = {III},
  address = {Belo Horizonte},
}

@Article{Souza2024,
  author    = {Souza, Gabriel Scudeller de and Sabbag, Deise Maria Antonio and Achilles, Daniele},
  journal   = {Transinformação},
  title     = {Governamentalidade {Algorítmica}, sociedade incivil e capitalismo de vigilância: resistência pela produção do comum},
  year      = {2024},
  issn      = {0103-3786},
  note      = {Publisher: FapUNIFESP (SciELO)},
  volume    = {36},
  doi       = {10.1590/2318-0889202436e249291},
  publisher = {FapUNIFESP (SciELO)},
  url       = {https://www.scielo.br/j/tinf/a/KB9gwwwhDRvSL8rDLq73bsk/},
  urldate   = {2025-01-01},
}

@InCollection{burity2024,
  author       = {Lorena Vilarins and Pedro Burity},
  title        = {Ativismo Digital e Movimentos Sociais: Estratégias de Ação. O caso do “Contrate Quem Luta” do MTST},
  booktitle    = {4ª Coletânea de Artigos - TIC, Governança da Internet, Gênero, Raça e Diversidade},
  editor       = {Bia Barbosa and Laura Tresca and Luanna Roncaratti and Mozart Tenório and Renata Mielli and Tanara Lauschner and Cris Viana-Chaleira},
  pages        = {221--241},
  publisher    = {Núcleo de Informação e Coordenação do Ponto BR},
  address      = {São Paulo, SP},
  year         = {2024},
  isbn         = {978-65-85417-46-4},
  language     = {pt-BR}
}
